@article{vinyals2017starcraft,
  title={Starcraft ii: A new challenge for reinforcement learning},
  author={Vinyals, Oriol and Ewalds, Timo and Bartunov, Sergey and Georgiev, Petko and Vezhnevets, Alexander Sasha and Yeo, Michelle and Makhzani, Alireza and K{\"u}ttler, Heinrich and Agapiou, John and Schrittwieser, Julian and others},
  journal={arXiv preprint arXiv:1708.04782},
  year={2017}
}

@article{liu2016evolving,
  title={Evolving effective microbehaviors in real-time strategy games},
  author={Liu, Siming and Louis, Sushil J and Ballinger, Christopher A},
  journal={IEEE Transactions on Computational Intelligence and AI in Games},
  volume={8},
  number={4},
  pages={351--362},
  year={2016},
  publisher={IEEE}
}

@inproceedings{makar2001hierarchical,
  title={Hierarchical multi-agent reinforcement learning},
  author={Makar, Rajbala and Mahadevan, Sridhar and Ghavamzadeh, Mohammad},
  booktitle={Proceedings of the fifth international conference on Autonomous agents},
  pages={246--253},
  year={2001},
  organization={ACM}
}

@article{ontanon2013survey,
  title={A survey of real-time strategy game AI research and competition in StarCraft},
  author={Ontan{\'o}n, Santiago and Synnaeve, Gabriel and Uriarte, Alberto and Richoux, Florian and Churchill, David and Preuss, Mike},
  journal={IEEE Transactions on Computational Intelligence and AI in games},
  volume={5},
  number={4},
  pages={293--311},
  year={2013},
  publisher={IEEE}
}



